<?xml version="1.0" encoding="UTF-8"?><collection xmlns="http://www.loc.gov/MARC21/slim"><record><leader>00528nam--2200145-i-4500</leader><controlfield tag="001">000013154</controlfield><controlfield tag="002">20161230</controlfield><controlfield tag="005">20170305193654</controlfield><controlfield tag="008">060222s1000------------r-----000-0-eng-d</controlfield><datafield ind1=" " ind2=" " tag="245"><subfield code="a">Design considerations for a 130 mev superconducting recyclotron for electron contribution to the conference on future posibilities for electron accelerators in Charlottersville, va., jan., 1979</subfield></datafield><datafield ind1=" " ind2=" " tag="260"><subfield code="a">Darmstadt</subfield><subfield code="b">Institut Fur Kernphysik</subfield><subfield code="c">1979</subfield></datafield><datafield ind1=" " ind2=" " tag="300"><subfield code="a">18 p</subfield></datafield><datafield ind1=" " ind2=" " tag="700"><subfield code="a">Muller, G</subfield></datafield><datafield ind1=" " ind2=" " tag="852"><subfield code="a">621.384.63</subfield></datafield><datafield ind1=" " ind2=" " tag="CAT"><subfield code="a">SYS</subfield><subfield code="c">20170305</subfield><subfield code="h">193654</subfield></datafield></record></collection>